@book{lewinter2015elementary,
  title={Elementary number theory with programming},
  author={Lewinter, Marty and Meyer, Jeanine},
  year={2015},
  publisher={John Wiley \& Sons}
}

@book{raj2019foundations,
  title={Foundations of blockchain: the pathway to cryptocurrencies and decentralized blockchain applications},
  author={Raj, Koshik},
  year={2019},
  publisher={Packt Publishing Ltd}
}

@misc{stephens2015learning,
  title={Learning Data Structures and Algorithms},
  author={Stephens, Rod},
  year={2015},
  publisher={O'Reilly Media Canada, Inc.}
}